%% This BibTeX bibliography file was created using BibDesk.
%% http://bibdesk.sourceforge.net/


%% Created for Matthias Armbruster at 2012-03-06 15:56:49 +0100 


%% Saved with string encoding Unicode (UTF-8) 



@inproceedings{Dorde2011,
	Author = {Golubovic, Dorde and Miljkovic, Goran and Miucin, Svetozar and Kaprocki, Zvonimir and Velisavljev, Vladimir},
	Booktitle = {Telecommunications Forum (TELFOR)},
	Date-Added = {2012-03-06 15:19:20 +0100},
	Date-Modified = {2012-03-06 15:56:21 +0100},
	Pages = {1139-1142},
	Title = {WebGL implemenation in WebKit based web browser on Android platform},
	Year = {2011}}
